
@article{forzza1998EncholiriumUmGenero,
	title = {Encholirium: um gênero ameaçado},
	volume = {5},
	shorttitle = {Encholirium},
	number = {1-4},
	journal = {Bromélia},
	author = {Forzza, Rafaela C.},
	year = {1998},
	pages = {15--18}
}

@article{zappi1994PilosocereusCactaceaeGenus,
	title = {Pilosocereus ({Cactaceae}). {The} genus in {Brazil}},
	volume = {3},
	urldate = {2019-07-27},
	journal = {Succ Pl Res},
	author = {Zappi, Daniela C.},
	year = {1994},
	pages = {1--160},
	file = {Pilosocereus (Cactaceae). The genus in Brazil Snapshot:C\:\\Users\\JBRJ\\Zotero\\storage\\X3QQ33LK\\10013465718.html:text/html}
}

@article{anderson2003RealVsArtefactual,
	title = {Real vs. artefactual absences in species distributions: tests for {Oryzomys} albigularis ({Rodentia}: {Muridae}) in {Venezuela}},
	volume = {30},
	issn = {03050270, 13652699},
	shorttitle = {Real vs. artefactual absences in species distributions},
	doi = {10.1046/j.1365-2699.2003.00867.x},
	abstract = {Aim Numerous geographical information system (GIS)-based techniques for estimating a species' potential geographical distribution now exist. While a species' potential distribution is more extensive than its documented range, the lack of records from some suitable regions may simply derive from inadequate sampling there. Using occurrence records of both the study species and the more inclusive overall target group, I propose a progression of statistical models to evaluate apparent absences in species distributions. Location Northern Venezuela. Methods Employing data from the Smithsonian Venezuelan Project (a large set of standardized mammalian inventories undertaken across Venezuela), I tested distributional hypotheses for the sigmodontine rodent Oryzomys albigularis (Tomes, 1860). Those inventories collected O. albigularis in two of the five major montane regions of northern Venezuela (the Cordillera de Me´rida/Macizo de El Tama´ and Cordillera de la Costa Central). I used the Genetic Algorithm for Rule-Set Prediction (GARP) to estimate the species' potential distribution in northern Venezuela. Then, based on all collection localities from the Smithsonian Venezuelan Project, I determined the probability that the absence of O. albigularis from the three regions of potential presence where it was not documented (the Serranı´a de Perija´ , Lara–Falco´n highlands, and Cordillera de la Costa Oriental) could be the result of inadequate sampling. Results and main conclusions All statistical models indicated that the sampling efforts of the Smithsonian Venezuelan Project were insufficient to demonstrate conclusively the absence of O. albigularis from any of the three regions lacking records. Indeed, a subsequent compilation of specimens from ten natural history museums confirmed its presence in the Serranı´a de Perija´ and the Lara–Falco´n highlands. Tests using empirical sampling effort and taking human modification of the landscape into account most closely fulfilled the assumptions required for the tests. By providing a framework for bringing additional quantitative rigour to studies of species distributions, these methods will probably prove of wide applicability to other systems. Keywords Absence, distribution, genetic algorithm, geographical information system, locality, modelling, museum specimens, presence, range, sampling.},
	language = {en},
	number = {4},
	urldate = {2019-07-27},
	journal = {Journal of Biogeography},
	author = {Anderson, Robert P.},
	year = {2003},
	keywords = {distribucion, modelos de distribucion, museos, presencia, roedores, venezuela},
	pages = {591--605},
	file = {Attachment:C\:\\Users\\JBRJ\\Zotero\\storage\\46972YWZ\\Anderson - 2003 - Real vs. artefactual absences in species distributions tests for Oryzomys albigularis (Rodentia Muridae) in Venezuela.pdf:application/pdf;Full Text:C\:\\Users\\JBRJ\\Zotero\\storage\\FP4KI3QS\\Anderson - 2003 - Real vs. artefactual absences in species distribut.pdf:application/pdf;Full Text:C\:\\Users\\JBRJ\\Zotero\\storage\\SQ6FUUAZ\\Anderson - 2003 - Real vs. artefactual absences in species distribut.pdf:application/pdf;Snapshot:C\:\\Users\\JBRJ\\Zotero\\storage\\23YKBSWB\\j.1365-2699.2003.00867.html:text/html;Snapshot:C\:\\Users\\JBRJ\\Zotero\\storage\\6VLS9Q4M\\j.1365-2699.2003.00867.html:text/html}
}

@article{giulietti2005BiodiversityConservationPlants,
	title = {Biodiversity and {Conservation} of {Plants} in {Brazil}},
	volume = {19},
	issn = {0888-8892},
	doi = {10.1111/j.1523-1739.2005.00704.x},
	abstract = {With more than 56,000 species (excluding fungi), Brazil has one of the richest floras in theworld— nearly 19\% of the world flora. Our knowledge of the diversity and status of nonvascular plants in Brazil is still fragmentary, although localized studies on algae have revealed loss of species resulting from environmental pollution. Emphasis on local floral surveys, rather than wider taxonomic studies, has obscured estimates of national totals for most taxonomic groups. Knowledge of angiosperms, especially monocotyledons (of which 45\% of the species are endemic), is more complete than most. For this group figures are more reliable, with some distribution patterns, endemism levels, and centers of diversity identified. Much, however, still awaits discovery. Coordinated efforts to catalog Brazil's flora are in progress and include projects such as the conservation priority-settingworkshops of the Brazilian Ministry of the Environment, which have identified key conservation areas in the major biomes; development of threatened species lists for plants; and the assembly of type data on species of northeastern Brazil through the Darwin Initiative—all of which greatly assist in increasing our knowledge. These initiatives also underline the urgent need to expand the numbers and geographic spread of projects on plant systematics and taxonomy in Brazil, a measure that demands adequate provision of funding and training programs for plant specialists. Finally, Brazil's environmental agency (IBAMA) could play a proactive role in opening protected areas under its jurisdiction, thereby facilitating botanical research by university departments and research institutes.},
	number = {3},
	journal = {Conservation Biology},
	author = {Giulietti, Ana Maria and Harley, Raymond M. and Queiroz, Luciano Paganucci and Wanderley, Maria das Gracas Lapa and Van den berg, Cassio},
	year = {2005},
	pages = {632--639},
	file = {Attachment:C\:\\Users\\JBRJ\\Zotero\\storage\\QYB7RXXP\\Giulietti et al. - 2005 - Biodiversity and Conservation of Plants in Brazil.pdf:application/pdf;Attachment:C\:\\Users\\JBRJ\\Zotero\\storage\\E9ATVF25\\Giulietti et al. - 2005 - Biodiversity and Conservation of Plants in Brazil.pdf:application/pdf}
}

@article{busby1991BIOCLIMBioclimateAnalysis,
	title = {{BIOCLIM} - a bioclimate analysis and prediction system},
	volume = {6},
	issn = {0815-2195},
	abstract = {BIOCLIM can be used to map the distribution of any entity, including pest species. For pest species, this enables control efforts to be focussed on areas of most likely spread or where it is most probable that further populations will be found. BIOCLIM also has the capacity to predict alterations in the potential distribution of a species brought about by a climate change.},
	language = {English},
	urldate = {2019-07-27},
	journal = {Plant Protection Quarterly (Australia)},
	author = {Busby, J. R.},
	year = {1991},
	pages = {8--9},
	file = {Snapshot:C\:\\Users\\JBRJ\\Zotero\\storage\\7SRMIRQ6\\search.html:text/html;Snapshot:C\:\\Users\\JBRJ\\Zotero\\storage\\ZVXYQ9L3\\search.html:text/html;Snapshot:C\:\\Users\\JBRJ\\Zotero\\storage\\ESTGZDQI\\search.html:text/html}
}

@article{santos2010EstruturaVegetacaoArbustivoherbacea,
	title = {Estrutura da vegetação arbustivo-herbácea de um afloramento rochoso da ilha de {Vitória}, {Espírito} {Santo}, sudeste do {Brasil}},
	volume = {8},
	abstract = {The vegetation over rock usually contain physiognomies with markedly different characteristics of vegetation around them. Current studies on this vegetation have a higher number of sites from inner Brazil, in regions of larger mountain chains. However, information on the vegetation of coastal outcrops is scarce. In Vitória, ES, “Morro da Gamela” was chosen for the study of the shruby-herbaceous vegetation. The flora was assessed by means of non-systematic walks in the area, and the community structure was determined by means of 64 quarter-points settled in lines systematically established, according to the level contour lines. The criterion for inclusion of individuals in the sample was the rooting at a minimum distance of the quarter-point, with a minimum diameter of 0.2 cm at ground level on rock. For each individual, the diameter and the height were measured. Fertile branches were collected from the individuals for botanical identification. APGIII was adopted for the official nomenclature. The shrubbyherbaceous component had 31 species, of which 12 were included in the sample for structure determination. The Whittaker’s species reachness index was 2.267. The diversity index of Shannon-Weaver was 1.345 nats / ind, and the eveness was 0.541.The family of higher species richness was Bromeliaceae. The species of greatest importance for describing the structure was Vellozia plicata Mart., followed by Coleochephalocereus fluminensis (Miq.) Britton e Rose, Alcantarea glaziouana Leme and Dyckia fosteriana L. Together, the species listed account for 90.26\% of the value of importance among the species used for structure determination. A. glaziouana first appears in a checklist for the Espírito Santo, and Pseudolaelia vellozicola (Hoehne) Porto e Brade, is endangered of extinction, what reinforces importance of this area for conservation.},
	language = {pt},
	number = {1},
	journal = {Natureza on line},
	author = {Santos, Luiz G R and Griffo, Claudio L S and Silva, Ary G},
	year = {2010},
	pages = {10},
	file = {Santos e Griffo - Estrutura da vegetação arbustivo-herbácea de um af.pdf:C\:\\Users\\JBRJ\\Zotero\\storage\\D6XTTPEI\\Santos e Griffo - Estrutura da vegetação arbustivo-herbácea de um af.pdf:application/pdf;Santos e Griffo - Estrutura da vegetação arbustivo-herbácea de um af.pdf:C\:\\Users\\JBRJ\\Zotero\\storage\\JQYXCGGM\\Santos e Griffo - Estrutura da vegetação arbustivo-herbácea de um af.pdf:application/pdf;Santos e Griffo - Estrutura da vegetação arbustivo-herbácea de um af.pdf:C\:\\Users\\JBRJ\\Zotero\\storage\\ZHVVM3ZD\\Santos e Griffo - Estrutura da vegetação arbustivo-herbácea de um af.pdf:application/pdf}
}

@book{mma-ministeriodomeioambiente2006CadernoRegiaoHidrografica,
	title = {Caderno da {Região} {Hidrográfica} do {São} {Francisco}.},
	publisher = {MMA Brasília},
	author = {{MMA - Ministério do Meio Ambiente}},
	year = {2006}
}

@article{jacobi2007PollinationTwoSpecies,
	title = {Pollination of two species of {Vellozia} ({Velloziaceae}) from high-altitude quartzitic grasslands, {Brazil}},
	volume = {21},
	issn = {0102-3306},
	doi = {10.1590/S0102-33062007000200007},
	abstract = {The pollinators and breeding system of two species of Vellozia (Velloziaceae) from high-altitude quartzitic grasslands in SE Brazil were studied. Vellozia leptopetala is shrubby and grows solely on rocky outcrops, V. epidendroides is herbaceous and grows on stony soils. Both bear solitary, hermaphrodite flowers, and have massive, short-lasting annual blooms. We evaluated the level of self-compatibility and need for pollinators of 50 plants of each species and 20-60 flowers per treatment: hand self- and cross-pollination, spontaneous pollination, agamospermy and control. The behavior of floral visitors on flowers and within plants was recorded. Both species are mostly self-incompatible, but produce a small number of seeds by self-fertilization. The pollen-ovule ratio suggests facultative xenogamy. They were visited primarily by bees, of which the most important pollinators were two leaf-cutting bees (Megachile spp.). Vellozia leptopetala was also pollinated by a territorial hummingbird. Low natural seed production compared to cross-pollination seed numbers suggests that pollen limitation is the main cause of low seed set. This was attributed to the combined effect of five mechanisms: selfing prior to anthesis, enhanced geitonogamy as a result of large floral displays, low number of visits per flower for the same reason, pollen theft by many insect species, and, in V. leptopetala, delivery of mixed pollen loads on the stigma as a consequence of hummingbird promiscuity.
          , 
            Foram pesquisados os polinizadores e o sistema reprodutivo de duas espécies de Vellozia (Velloziaceae) de campos rupestres quartzíticos do sudeste do Brasil. Vellozia leptopetala é arborescente e cresce exclusivamente sobre afloramentos rochosos, V. epidendroides é de porte herbáceo e espalha-se sobre solo pedregoso. Ambas têm flores hermafroditas e solitárias, e floradas curtas em massa. Avaliou-se o nível de auto-compatibilidade e a necessidade de polinizadores, em 50 plantas de cada espécie e 20-60 flores por tratamento: polinização manual cruzada e autopolinização, polinização espontânea, agamospermia e controle. O comportamento dos visitantes florais nas flores e nas plantas foi registrado. As espécies são auto-incompatíveis, mas produzem poucas sementes autogâmicas. A razão pólen-óvulo sugere xenogamia facultativa em ambas. Foram visitadas principalmente por abelhas, das quais as mais importantes polinizadoras foram duas cortadeiras (Megachile spp.). Vellozia leptopetala também foi polinizada por uma espécie de beija-flor territorial. A produção de sementes em frutos de polinização cruzada sugere que limitação por pólen é a causa principal da baixa produção natural de sementes. Isto foi atribuído ao efeito combinado de cinco mecanismos: autopolinização prévia à antese, elevada geitonogamia resultante de arranjo floral, número reduzido de visitas por flor pelo mesmo motivo, pilhagem de pólen por diversas espécies de insetos e, em V. leptopetala, deposição de pólen heteroespecífico em conseqüência da promiscuidade dos beija-flores.},
	number = {2},
	urldate = {2019-07-27},
	journal = {Acta Botanica Brasilica},
	author = {Jacobi, Claudia Maria and del Sarto, Mário César Laboissiérè},
	year = {2007},
	pages = {325--333},
	file = {Texto completo:C\:\\Users\\JBRJ\\Zotero\\storage\\RTS9929L\\Jacobi e del Sarto - 2007 - Pollination of two species of Vellozia (Velloziace.pdf:application/pdf}
}

@article{wiley2003NicheModelingGeographic,
	title = {Niche modeling and geographic range predictions in the marine environment using a machine-learning algorithm},
	abstract = {Biological communities are changing drastically in response to global climate change (Walther et al., 2002), changes in use by human populations (Krishtalka et al., 2002), and introduction of exotic species (Carlton, 1996; Enserink, 1999). To study the impact of such changes in the marine environment, biologists require a detailed understanding of the diversity and distributions of marine organisms on macroscopic scales, such as across entire ocean basins, in order to improve understanding of the actual distributions of species, and gain an overall impression of the potential community structures that exist in particular habitats. A major obstacle to such an improved understanding is the fact that existing biodiversity records are both incomplete and idiosyncratic, consisting of museum},
	journal = {Oceanography},
	author = {Wiley, E. O. and Mcnyset, Kristina M. and Peterson, A. Townsend and Robins, C. Richard and Stewart, Aimee M.},
	year = {2003},
	pages = {120--127},
	file = {Citeseer - Full Text PDF:C\:\\Users\\JBRJ\\Zotero\\storage\\FRY78ZYE\\Wiley et al. - 2003 - Niche modeling and geographic range predictions in.pdf:application/pdf;Citeseer - Snapshot:C\:\\Users\\JBRJ\\Zotero\\storage\\JX2SF6P7\\summary.html:text/html;Wiley et al. - Niche Modeling and Geographic Range Predictions in.pdf:C\:\\Users\\JBRJ\\Zotero\\storage\\URL5RU2I\\Wiley et al. - Niche Modeling and Geographic Range Predictions in.pdf:application/pdf;Wiley et al. - Niche Modeling and Geographic Range Predictions in.pdf:C\:\\Users\\JBRJ\\Zotero\\storage\\UWTZHI3M\\Wiley et al. - Niche Modeling and Geographic Range Predictions in.pdf:application/pdf}
}

@article{liu2013SelectingThresholdsPrediction,
	title = {Selecting thresholds for the prediction of species occurrence with presence-only data},
	volume = {40},
	issn = {03050270},
	doi = {10.1111/jbi.12058},
	language = {en},
	number = {4},
	urldate = {2019-07-27},
	journal = {Journal of Biogeography},
	author = {Liu, Canran and White, Matt and Newell, Graeme},
	editor = {Pearson, Richard},
	year = {2013},
	pages = {778--789}
}

@incollection{szarzynski2000XericIslandsEnvironmental,
	address = {Berlin, Heidelberg},
	title = {Xeric {Islands}: {Environmental} {Conditions} on {Inselbergs}},
	volume = {146},
	isbn = {978-3-642-64120-6 978-3-642-59773-2},
	shorttitle = {Xeric {Islands}},
	urldate = {2019-07-27},
	booktitle = {Inselbergs},
	publisher = {Springer Berlin Heidelberg},
	author = {Szarzynski, J.},
	editor = {Caldwell, M. M. and Heldmaier, G. and Lange, O. L. and Mooney, H. A. and Schulze, E.-D. and Sommer, U. and Porembski, Stefan and Barthlott, Wilhelm},
	year = {2000},
	doi = {10.1007/978-3-642-59773-2-3},
	pages = {37--48}
}

@article{elith2006NovelMethodsImprove,
	title = {Novel methods improve prediction of species’ distributions from occurrence data},
	volume = {29},
	issn = {09067590},
	doi = {10.1111/j.2006.0906-7590.04596.x},
	language = {en},
	number = {2},
	urldate = {2019-07-27},
	journal = {Ecography},
	author = {Elith, Jane and H. Graham, Catherine and P. Anderson, Robert and Dudík, Miroslav and Ferrier, Simon and Guisan, Antoine and J. Hijmans, Robert and Huettmann, Falk and R. Leathwick, John and Lehmann, Anthony and Li, Jin and G. Lohmann, Lucia and A. Loiselle, Bette and Manion, Glenn and Moritz, Craig and Nakamura, Miguel and Nakazawa, Yoshinori and McC. M. Overton, Jacob and Townsend Peterson, A. and J. Phillips, Steven and Richardson, Karen and Scachetti-Pereira, Ricardo and E. Schapire, Robert and Soberón, Jorge and Williams, Stephen and S. Wisz, Mary and E. Zimmermann, Niklaus},
	year = {2006},
	pages = {129--151},
	file = {Full Text:C\:\\Users\\JBRJ\\Zotero\\storage\\RLFRECS4\\j.2006.0906-7590.04596.html:text/html;Full Text:C\:\\Users\\JBRJ\\Zotero\\storage\\4FT3AIFC\\j.2006.0906-7590.04596.html:text/html;Snapshot:C\:\\Users\\JBRJ\\Zotero\\storage\\UVW8Z8WC\\j.2006.0906-7590.04596.html:text/html;Snapshot:C\:\\Users\\JBRJ\\Zotero\\storage\\45HK83K5\\j.2006.0906-7590.04596.html:text/html;Texto completo:C\:\\Users\\JBRJ\\Zotero\\storage\\EICBXTGB\\Elith et al. - 2006 - Novel methods improve prediction of species’ distr.pdf:application/pdf}
}

@incollection{bremer2000InselbergsGeomorphologyGeoecology,
	title = {Inselbergs: geomorphology and geoecology},
	shorttitle = {Inselbergs},
	booktitle = {Inselbergs},
	publisher = {Springer},
	author = {Bremer, H. and Sander, H.},
	year = {2000},
	pages = {7--35},
	file = {Snapshot:C\:\\Users\\JBRJ\\Zotero\\storage\\CCCM85VI\\978-3-642-59773-2_2.html:text/html;Snapshot:C\:\\Users\\JBRJ\\Zotero\\storage\\W6BR5R55\\978-3-642-59773-2_2.html:text/html}
}

@incollection{barthlott2000WhyStudyInselbergs,
	title = {Why study inselbergs?},
	booktitle = {Inselbergs},
	publisher = {Springer},
	author = {Barthlott, W. and Porembski, S.},
	year = {2000},
	pages = {1--6},
	file = {Snapshot:C\:\\Users\\JBRJ\\Zotero\\storage\\35D8U72T\\978-3-642-59773-2_1.html:text/html;Snapshot:C\:\\Users\\JBRJ\\Zotero\\storage\\4XJF8JRW\\978-3-642-59773-2_1.html:text/html}
}

@article{barthlott1993RemarksVegetationTropical,
	title = {Some remarks on the vegetation of tropical inselbergs: diversity and ecological differentiation},
	volume = {69},
	shorttitle = {Some remarks on the vegetation of tropical inselbergs},
	number = {3},
	journal = {Compte rendu des Séances de la Société de Biogéographie},
	author = {Barthlott, W. and Gröger, A. and Porembski, S.},
	year = {1993},
	pages = {105--124}
}

@article{barbara2008WithinpopulationSpatialGenetic,
	title = {Within-population spatial genetic structure in four naturally fragmented species of a neotropical inselberg radiation, {Alcantarea} imperialis, {A}. geniculata, {A}. glaziouana and {A}. regina ({Bromeliaceae})},
	volume = {101},
	journal = {Heredity},
	author = {Barbará, T and Lexer, C and Martinelli, G and Mayo, S and Fay, M F and Heuertz, M},
	year = {2008},
	pages = {285},
	file = {Snapshot:C\:\\Users\\JBRJ\\Zotero\\storage\\RW33E3EE\\hdy200865.html:text/html;Snapshot:C\:\\Users\\JBRJ\\Zotero\\storage\\HGKRZUK9\\hdy200865.html:text/html}
}

@article{araujo2007EnsembleForecastingSpecies,
	title = {Ensemble forecasting of species distributions},
	volume = {22},
	issn = {01695347},
	doi = {10.1016/j.tree.2006.09.010},
	language = {en},
	number = {1},
	urldate = {2019-07-27},
	journal = {Trends in Ecology \& Evolution},
	author = {Araujo, M and New, M},
	year = {2007},
	pages = {42--47},
	file = {Snapshot:C\:\\Users\\JBRJ\\Zotero\\storage\\UH64L43V\\S016953470600303X.html:text/html;Snapshot:C\:\\Users\\JBRJ\\Zotero\\storage\\4MTQYNMM\\S016953470600303X.html:text/html}
}

@article{porembski1998DiversityEcologySaxicolous,
	title = {Diversity and ecology of saxicolous vegetation mats on inselbergs in the {Brazilian} {Atlantic} rainforest},
	volume = {4},
	issn = {1366-9516, 1472-4642},
	doi = {10.1046/j.1365-2699.1998.00013.x},
	language = {en},
	number = {3},
	urldate = {2019-07-26},
	journal = {Diversity {\textbackslash}textlesshtml\_ent glyph="@amp;" ascii="\&amp;"/{\textbackslash}textgreater Distributions},
	author = {Porembski, Stefan and Martinelli, Gustavo and Ohlemuller, Ralf and Barthlott, Wilhelm},
	year = {1998},
	pages = {107--119},
	file = {Porembski et al. - 1998 - Diversity and ecology of saxicolous vegetation mat.pdf:C\:\\Users\\JBRJ\\Zotero\\storage\\KKVD9IAU\\Porembski et al. - 1998 - Diversity and ecology of saxicolous vegetation mat.pdf:application/pdf;Porembski et al. - 1998 - Diversity and ecology of saxicolous vegetation mat.pdf:C\:\\Users\\JBRJ\\Zotero\\storage\\5JSD6GP4\\Porembski et al. - 1998 - Diversity and ecology of saxicolous vegetation mat.pdf:application/pdf;Porembski et al. - 1998 - Diversity and ecology of saxicolous vegetation mat.pdf:C\:\\Users\\JBRJ\\Zotero\\storage\\GWVVGA3T\\Porembski et al. - 1998 - Diversity and ecology of saxicolous vegetation mat.pdf:application/pdf;Porembski et al. - 1998 - Diversity and ecology of saxicolous vegetation mat.pdf:C\:\\Users\\JBRJ\\Zotero\\storage\\LLBF6MCR\\Porembski et al. - 1998 - Diversity and ecology of saxicolous vegetation mat.pdf:application/pdf}
}

@article{porembski2007TropicalInselbergsHabitat,
	title = {Tropical inselbergs: habitat types, adaptive strategies and diversity patterns},
	volume = {30},
	issn = {0100-8404},
	shorttitle = {Tropical inselbergs},
	doi = {10.1590/S0100-84042007000400004},
	language = {en},
	number = {4},
	urldate = {2019-07-26},
	journal = {Revista Brasileira de Botânica},
	author = {Porembski, Stefan},
	year = {2007},
	pages = {579--586},
	file = {Texto completo:C\:\\Users\\JBRJ\\Zotero\\storage\\354FXUVJ\\Porembski - 2007 - Tropical inselbergs habitat types, adaptive strat.pdf:application/pdf;Texto completo:C\:\\Users\\JBRJ\\Zotero\\storage\\YAMS7KEG\\Porembski - 2007 - Tropical inselbergs habitat types, adaptive strat.pdf:application/pdf}
}

@article{porembski2000InvasibilityTropicalGranite,
	title = {The invasibility of tropical granite outcrops (‘inselbergs’) by exotic weeds},
	abstract = {Granitic and gneissic rock outcrops (‘inselbergs’) that rise abruptly from surrounding plains are of widespread occurrence on old crystalline shields. In the tropics this geologically old ecosystem occurs throughout a broad spectrum of vegetational and climatic zones. Inselbergs usually bear a vegetation that is drastically different from those of the surroundings due to their edaphic and microclimatic aridity. Because of their low agricultural potential, tropical inselbergs form in many regions the last refuges of natural vegetation types. However, there is increasing evidence for nonnative weeds getting established within inselberg plant communities by using roadsides and fallow land as stepping stones. In both Africa and South America, exotic weeds have become a severe danger for indigenous plant communities on rock outcrops because of their high competitive ability. A survey is provided about the most important weeds on tropical inselbergs which shows that intentionally-introduced species, like Ananas comosus in West Africa, cause the most serious problems. Moreover, different rock outcrop habitats are analysed in regard to their invasibility.},
	language = {en},
	journal = {Journal of the Royal Society of Western Australia},
	author = {Porembski, S},
	year = {2000},
	pages = {7},
	file = {Porembski - 2000 - The invasibility of tropical granite outcrops (‘in.pdf:C\:\\Users\\JBRJ\\Zotero\\storage\\29LXYQKQ\\Porembski - 2000 - The invasibility of tropical granite outcrops (‘in.pdf:application/pdf;Porembski - 2000 - The invasibility of tropical granite outcrops (‘in.pdf:C\:\\Users\\JBRJ\\Zotero\\storage\\34W6CD3X\\Porembski - 2000 - The invasibility of tropical granite outcrops (‘in.pdf:application/pdf}
}

@article{phillips2006MaximumEntropyModeling,
	title = {Maximum entropy modeling of species geographic distributions},
	volume = {190},
	issn = {03043800},
	doi = {10.1016/j.ecolmodel.2005.03.026},
	language = {en},
	number = {3-4},
	urldate = {2019-07-26},
	journal = {Ecological Modelling},
	author = {Phillips, Steven J. and Anderson, Robert P. and Schapire, Robert E.},
	year = {2006},
	keywords = {Ammonia, CMAQ, Dry deposition, Flux, Modelling, Nitrogen, Wet deposition},
	pages = {231--259},
	file = {Attachment:C\:\\Users\\JBRJ\\Zotero\\storage\\ERH86A87\\Phillips et al. - 2006 - Modelling and analysis of the atmospheric nitrogen deposition in North Carolina.pdf:application/pdf;Attachment:C\:\\Users\\JBRJ\\Zotero\\storage\\W9DWCZKC\\Phillips, Anderson, Schapire - 2006 - Maximum entropy modeling of species geographic distributions.pdf:application/pdf;Attachment:C\:\\Users\\JBRJ\\Zotero\\storage\\BLZV5MU7\\Phillips et al. - 2006 - Modelling and analysis of the atmospheric nitrogen deposition in North Carolina.pdf:application/pdf;Attachment:C\:\\Users\\JBRJ\\Zotero\\storage\\78E44JGI\\Phillips, Anderson, Schapire - 2006 - Maximum entropy modeling of species geographic distributions.pdf:application/pdf}
}

@incollection{sanchez-tapia2018ModelRFrameworkScalable,
	address = {Cham},
	title = {Model-{R}: {A} {Framework} for {Scalable} and {Reproducible} {Ecological} {Niche} {Modeling}},
	volume = {796},
	isbn = {978-3-319-73352-4 978-3-319-73353-1},
	shorttitle = {Model-{R}},
	urldate = {2019-07-26},
	booktitle = {High {Performance} {Computing}},
	publisher = {Springer International Publishing},
	author = {Sánchez-Tapia, Andrea and de Siqueira, Marinez Ferreira and Lima, Rafael Oliveira and Barros, Felipe Sodré M. and Gall, Guilherme M. and Gadelha, Luiz M. R. and da Silva, Luís Alexandre E. and Osthoff, Carla},
	editor = {Mocskos, Esteban and Nesmachnow, Sergio},
	year = {2018},
	doi = {10.1007/978-3-319-73353-1-15},
	pages = {218--232}
}

@article{ortega-huerta2004ModellingSpatialPatterns,
	title = {Modelling spatial patterns of biodiversity for conservation prioritization in {North}-eastern {Mexico}},
	volume = {10},
	issn = {13669516, 14724642},
	shorttitle = {Modelling spatial patterns of biodiversity for conservation prioritization in {North}-eastern {Mexico}},
	doi = {10.1111/j.1472-4642.2004.00051.x},
	abstract = {Relationships between spatial patterns of bird and mammal species richness in north-eastern Mexico were analysed in relation to the location of three biosphere reserves (El Abra-Tanchipa, El Cielo, and Sierra Gorda) and 13 priority areas recently identified for conservation. Ecological niches were modelled and potential distributions delimited for 285 bird and 114 mammal species using a genetic algorithm based on locality information from museum specimens and 15 selected environmental attributes. Potential distributions were transformed into hypothesized current distributions based on species-habitat associations as reflected in a recent land-use map. Although species richness was lower when distributions were reduced from potential to current, spatial patterns of potential and current richness were similar. Heuristic, complementarity-based prioritization procedures were used to identify combinations of areas and sites with maximal species representation: the biosphere reserves included 79\% of birds and 74\% of mammal species; eight priority areas provided an additional 11\% of birds and 13\% of mammals; the remaining 10\% of birds and 13\% of mammals were concentrated in new sites across the study area},
	language = {en},
	number = {1},
	urldate = {2019-07-28},
	journal = {Diversity and Distributions},
	author = {Ortega-Huerta, Miguel A. and Peterson, A. T.},
	year = {2004},
	keywords = {Biodiversity, Species richness, Biosphere reserves, North-eastern Mexico, Prioritization, Spatial patterns},
	pages = {39--54},
	file = {Attachment:C\:\\Users\\JBRJ\\Zotero\\storage\\TLPCM5XD\\Ortega-Huerta, Peterson - 2004 - Modelling spatial patterns of biodiversity for conservation prioritization in North-eastern Mexico.pdf:application/pdf}
}

@article{bfg2018BrazilianFlora2020,
	title = {Brazilian {Flora} 2020: {Innovation} and collaboration to meet {Target} 1 of the {Global} {Strategy} for {Plant} {Conservation} ({GSPC})},
	volume = {69},
	issn = {2175-7860, 0370-6583},
	shorttitle = {Brazilian {Flora} 2020},
	doi = {10.1590/2175-7860201869402},
	abstract = {Abstract The Global Strategy for Plant Conservation (GSPC) was established by the Conference of Parties in 2002 to decrease the loss of plant diversity, reduce poverty and contribute to sustainable development. To achieve this overarching goal, the GSPC has established a series of targets, one of which is to ensure that plant diversity is well understood, so that it can be effectively conserved and used in a sustainable manner. Brazil hosts more than 46,000 species of plants, algae and fungi, representing one of the most biodiverse countries on Earth, and playing a key role in the GSPC. To meet the GSPC goals of Target 1 and facilitate access to plant diversity, Brazil committed to preparing the List of Species of the Brazilian Flora (2008-2015) and the Brazilian Flora 2020 (2016-present). Managing all the information associated with such great biodiversity has proven to be an extremely challenging task. Here, we synthesize the history of these projects, focusing on the multidisciplinary and collaborative approach adopted to develop and manage the inclusion of all the knowledge generated though digital information systems. We further describe the methods used, challenges faced, and strategies adopted, as well as summarize advances to date and prospects for completing the Brazilian flora in 2020.
          , 
            Resumo A Estratégia Global para a Conservação das Plantas (GSPC) foi estabelecida pela Conferência das Partes em 2002 para diminuir a perda da diversidade vegetal, reduzir a pobreza e contribuir para o desenvolvimento sustentável. Para atingir um objetivo tão abrangente, a GSPC estabeleceu uma série de tarefas, uma das quais é assegurar um bom conhecimento da diversidade vegetal para que a mesma possa ser conservada de forma efetiva e utilizada de maneira sustentável. O Brasil possui mais de 46 mil espécies de plantas, algas e fungos, representando um dos países com maior biodiversidade no planeta, sendo um participante chave na GSPC. Para atingir os objetivos da GSPC e possibilitar o acesso à diversidade de plantas, o Brasil se comprometeu em preparar a Lista de Espécies da Flora do Brasil (2008-2015) e a Flora do Brasil 2020 (2016 até o presente). Gerenciar todas as informações relacionadas a esta enorme biodiversidade provou ser uma tarefa extremamente desafiadora. Neste artigo, sintetizamos a história destes projetos e a abordagem multidisciplinar e colaborativa adotada para desenvolver e gerenciar a inclusão de todo o conhecimento gerado em sistemas de informação digitais. Apresentamos ainda os métodos utilizados, desafios enfrentados, e estratégias adotadas, bem como sintetizamos os avanços até o momento e perspectivas para completar a flora do Brasil em 2020.},
	number = {4},
	urldate = {2019-07-28},
	journal = {Rodriguésia},
	author = {BFG},
	year = {2018},
	pages = {1513--1527},
	file = {2018 - Brazilian Flora 2020 Innovation and collaboration.pdf:C\:\\Users\\JBRJ\\Zotero\\storage\\SDH5WHVE\\2018 - Brazilian Flora 2020 Innovation and collaboration.pdf:application/pdf;Texto completo:C\:\\Users\\JBRJ\\Zotero\\storage\\5TBN39ZS\\2018 - Brazilian Flora 2020 Innovation and collaboration.pdf:application/pdf}
}

@article{gomes-da-silva2017DistributionXericClade,
	title = {Distribution of the xeric clade species of {Pitcairnioideae} ({Bromeliaceae}) in {South} {America}: a perspective based on areas of endemism},
	volume = {44},
	issn = {03050270},
	shorttitle = {Distribution of the xeric clade species of {Pitcairnioideae} ({Bromeliaceae}) in {South} {America}},
	doi = {10.1111/jbi.12990},
	language = {en},
	number = {9},
	urldate = {2019-07-28},
	journal = {Journal of Biogeography},
	author = {Gomes-da-Silva, Janaína and Amorim, André Márcio and Forzza, Rafaela Campostrini},
	year = {2017},
	pages = {1994--2006},
	file = {Snapshot:C\:\\Users\\JBRJ\\Zotero\\storage\\YYBAGUCU\\jbi.html:text/html;Snapshot:C\:\\Users\\JBRJ\\Zotero\\storage\\IGTHTQV5\\jbi.html:text/html}
}

@book{peterson2011EcologicalNichesGeographic,
	title = {Ecological {Niches} and {Geographic} {Distributions}},
	isbn = {978-1-4008-4067-0},
	abstract = {This book provides a first synthetic view of an emerging area of ecology and biogeography, linking individual- and population-level processes to geographic distributions and biodiversity patterns. Problems in evolutionary ecology, macroecology, and biogeography are illuminated by this integrative view. The book focuses on correlative approaches known as ecological niche modeling, species distribution modeling, or habitat suitability modeling, which use associations between known occurrences of species and environmental variables to identify environmental conditions under which populations can be maintained. The spatial distribution of environments suitable for the species can then be estimated: a potential distribution for the species. This approach has broad applicability to ecology, evolution, biogeography, and conservation biology, as well as to understanding the geographic potential of invasive species and infectious diseases, and the biological implications of climate change. The authors lay out conceptual foundations and general principles for understanding and interpreting species distributions with respect to geography and environment. Focus is on development of niche models. While serving as a guide for students and researchers, the book also provides a theoretical framework to support future progress in the field.},
	language = {en},
	publisher = {Princeton University Press},
	author = {Peterson, A. Townsend and Soberón, Jorge and Pearson, Richard G. and Anderson, Robert P. and Martínez-Meyer, Enrique and Nakamura, Miguel and Araújo, Miguel B.},
	year = {2011},
	note = {Google-Books-ID: wyFnf9x9Vi0C},
	keywords = {Science / Life Sciences / Ecology, Science / Life Sciences / Biological Diversity, Science / Life Sciences / Biology},
	annote = {Google-Books-ID: wyFnf9x9Vi0C},
	file = {Attachment:C\:\\Users\\JBRJ\\Zotero\\storage\\YIU82YMF\\Peterson et al. - 2011 - Ecological niches and geographic distributions(2).pdf:application/pdf}
}

@phdthesis{lucena2007FenologiaBiologiaPolinizacao,
	address = {Programa de Pós-Graduação em Biologia Vegetal},
	type = {Tese},
	title = {Fenologia, biologia da polinização e da reprodução de {Pilosocereus} byles \& rowley ({Cactaceae}) no nordeste do {Brasil}},
	urldate = {2019-07-26},
	school = {Universidade Federal de Pernambuco},
	author = {Lucena, Emerson Antonio Rocma Melo de},
	year = {2007},
	file = {RI UFPE\: Fenologia, biologia da polinização e da reprodução de Pilosocereus byles & rowley (Cactaceae) no nordeste do Brasil:C\:\\Users\\JBRJ\\Zotero\\storage\\DF3AQJ4B\\395.html:text/html}
}

@book{taylor2004CactiEasternBrazil,
	title = {Cacti of eastern {Brazil}},
	isbn = {978-1-84246-056-6},
	language = {English},
	urldate = {2019-07-26},
	publisher = {Royal Botanic Gardens, Kew},
	author = {Taylor, Nigel P. and Zappi, Daniela C.},
	year = {2004},
	file = {Snapshot:C\:\\Users\\JBRJ\\Zotero\\storage\\ZP3YWW8T\\search.html:text/html;Snapshot:C\:\\Users\\JBRJ\\Zotero\\storage\\GWU4YI9G\\search.html:text/html}
}

@article{guisan2000PredictiveHabitatDistribution,
	title = {Predictive habitat distribution models in ecology},
	volume = {135},
	issn = {03043800},
	doi = {10.1016/S0304-3800(00)00354-9},
	number = {2-3},
	journal = {Ecological Modelling},
	author = {Guisan, Antoine and Zimmermann, Niklaus E.},
	year = {2000},
	pmid = {429},
	keywords = {Statistics, GIS, Biogeography, Model, Model applicability, Model calibration, Model credibility, Model evaluation, Model formulation, Model predictions, Plant ecology, Species models, Vegetation models},
	pages = {147--186},
	file = {Attachment:C\:\\Users\\JBRJ\\Zotero\\storage\\NHIJ4NAA\\Guisan, Zimmermann - 2000 - Predictive habitat distribution models in ecology.pdf:application/pdf;ScienceDirect Snapshot:C\:\\Users\\JBRJ\\Zotero\\storage\\F5JLGM8M\\S0304380000003549.html:text/html;ScienceDirect Snapshot:C\:\\Users\\JBRJ\\Zotero\\storage\\NSY8NWBF\\S0304380000003549.html:text/html}
}

@article{fick2017WorldClimNew1km,
	title = {{WorldClim} 2: new 1-km spatial resolution climate surfaces for global land areas},
	volume = {37},
	shorttitle = {{WorldClim} 2},
	number = {12},
	journal = {International journal of climatology},
	author = {Fick, Stephen E. and Hijmans, Robert J.},
	year = {2017},
	pages = {4302--4315},
	file = {Snapshot:C\:\\Users\\JBRJ\\Zotero\\storage\\2YGUZYGB\\joc.html:text/html;Snapshot:C\:\\Users\\JBRJ\\Zotero\\storage\\W6F88BIZ\\joc.html:text/html}
}

@article{fielding1997ReviewMethodsAssessment,
	title = {A review of methods for the assessment of prediction errors in conservation presence/absence models},
	volume = {24},
	issn = {03768929},
	doi = {10.1017/S0376892997000088},
	abstract = {Predicting the distribution of endangered species from habitat data is frequently perceived to be a useful technique. Models that predict the presence or absence of a species are normally judged by the number of pre- diction errors. These may be of two types: false posi- tives and false negatives. Many of the prediction errors can be traced to ecological processes such as unsatu- rated habitat and species interactions. Consequently, if prediction errors are not placed in an ecological con- text the results of the model may be misleading. The simplest, and most widely used, measure of prediction accuracy is the number of correctly classified cases. There are other measures of prediction success that may be more appropriate. Strategies for assessing the causes and costs of these errors are discussed. A range of techniques for measuring error in presence/absence models, including some that are seldom used by ecol- ogists (e.g. ROC plots and cost matrices), are de- scribed. A new approach to estimating prediction error, which is based on the spatial characteristics of the errors, is proposed. Thirteen recommendations are made to enable the objective selection of an error assessment technique for ecological presence/absence models.},
	number = {1},
	journal = {Environmental Conservation},
	author = {Fielding, Alan H. and Bell, John F.},
	year = {1997},
	pmid = {811},
	keywords = {Modelagem, navicula, validation, association model, classifier, data partitioning, habitat relationships, habitat-, threshold},
	pages = {1655--1656},
	file = {Attachment:C\:\\Users\\JBRJ\\Zotero\\storage\\235Z9IN8\\FIELDING, BELL - 1997 - A review of methods for the assessment of prediction errors in conservation presenceabsence models.pdf:application/pdf;Attachment:C\:\\Users\\JBRJ\\Zotero\\storage\\L6YIL992\\FIELDING, BELL - 1997 - A review of methods for the assessment of prediction errors in conservation presenceabsence models.pdf:application/pdf;Attachment:C\:\\Users\\JBRJ\\Zotero\\storage\\BBS32DFM\\FieldingAHandJFBell1997.pdf:application/pdf}
}

@article{gomes2009FLORISTICVEGETATIONALASPECTS,
	title = {{FLORISTIC} {AND} {VEGETATIONAL} {ASPECTS} {OF} {AN} {INSELBERG} {IN} {THE} {SEMI}-{ARID} {REGION} {OF} {NORTHEAST} {BRAZIL}},
	volume = {66},
	issn = {0960-4286, 1474-0036},
	doi = {10.1017/S0960428609005241},
	abstract = {Inselbergs are rocky environments that support a unique flora distinct from that of the surrounding area. The objectives of this work were to conduct a floristic inventory of an inselberg in the semi-arid region of Northeast Brazil, and to investigate the relationship between its flora and the flora of the surrounding area. The following questions were addressed: is the species richness comparable to other inselbergs in northeastern Brazil; is the floristic composition of the inselberg more similar to other inselbergs or to the surrounding
              Caatinga
              vegetation; and do the similarities in the floristic composition of inselbergs depend on the distance between them? This work documents 201 species in 62 families.
              Cyperaceae
              (28 spp.),
              Euphorbiaceae
              (19),
              Poaceae
              (15),
              Orchidaceae
              (11) and
              Bromeliaceae
              (9) are the most species-rich families. On the inselberg the plants are distributed in islands found on exposed rock, in fissures and in depressions in the rock. Variations in species richness in the region were assessed by comparison of floristic inventories conducted in other inselbergs of the semi-arid region with those of this study. The flora of the inselberg under investigation is more similar to the flora of other nearby inselbergs than to the vegetation of the surrounding semi-arid region.},
	language = {en},
	number = {2},
	urldate = {2019-07-26},
	journal = {Edinburgh Journal of Botany},
	author = {Gomes, P. and Alves, M.},
	year = {2009},
	pages = {329--346}
}

@article{giannini2012DesafiosAtuaisModelagem,
	title = {Desafios atuais da modelagem preditiva de distribuição de espécies},
	volume = {63},
	issn = {2175-7860},
	doi = {10.1590/S2175-78602012000300017},
	abstract = {A modelagem preditiva tem sido aplicada para analisar a distribuição geográfica de espécies, a partir de extrapolações das características ambientais dos locais conhecidos de ocorrência. O interesse por esse tipo de modelagem deve-se à necessidade de respostas rápidas e fundamentadas para as ameaças que as espécies têm enfrentado, devido à perda de habitat, invasão de espécies exóticas, mudanças climáticas, entre outros. Este artigo oferece uma visão geral dos avanços recentes no campo da modelagem e visa incentivar a discussão e aplicação desse método, que pode auxiliar tanto na aquisição de conhecimento básico sobre a biologia das espécies, quanto na análise e formulação de políticas para sua conservação.},
	number = {3},
	journal = {Rodriguésia},
	author = {Giannini, Tereza C and Siqueira, Marinez F and Acosta, André L and Barreto, Francisco C.C. and Saraiva, Antonio M and Alves-dos-Santos, Isabel},
	year = {2012},
	keywords = {Modelagem, ecological niche, Didático, modelling algorithms, potential areas of occurrence},
	pages = {733--749},
	file = {Snapshot:C\:\\Users\\JBRJ\\Zotero\\storage\\IGNDYNZD\\339.html:text/html;Snapshot:C\:\\Users\\JBRJ\\Zotero\\storage\\3IED7MAE\\339.html:text/html}
}

@article{forzza2003EncholiriumPitcairnioideaeBromeliaceaeConhecimento,
	title = {Encholirium ({Pitcairnioideae}-{Bromeliaceae}): conhecimento atual e sugestões para conservação.},
	volume = {1},
	shorttitle = {Encholirium ({Pitcairnioideae}-{Bromeliaceae})},
	number = {1},
	journal = {Vidalia},
	author = {Forzza, Rafaela Campostrini and Christianini, Alexander Vicente and Wanderley, M. G. L. and Buzato, Silvana},
	year = {2003},
	pages = {7--20}
}

@article{elith2009SpeciesDistributionModels,
	title = {Species {Distribution} {Models} : {Ecological} {Explanation} and {Prediction} {Across} {Space} and {Time}},
	doi = {10.1146/annurev.ecolsys.110308.120159},
	author = {Elith, Jane and Leathwick, John R},
	year = {2009},
	keywords = {niche, climate change, presence-only, invasions, predict, spatial},
	file = {Attachment:C\:\\Users\\JBRJ\\Zotero\\storage\\PDIZZSAA\\Elith, Leathwick - 2009 - Species Distribution Models Ecological Explanation and Prediction Across Space and Time(2).pdf:application/pdf;Attachment:C\:\\Users\\JBRJ\\Zotero\\storage\\EGX7VBE5\\Elith, Leathwick - 2009 - Species Distribution Models Ecological Explanation and Prediction Across Space and Time.pdf:application/pdf;Full Text:C\:\\Users\\JBRJ\\Zotero\\storage\\67LFEET8\\annurev.ecolsys.110308.html:text/html;Full Text:C\:\\Users\\JBRJ\\Zotero\\storage\\JKGNB6PK\\annurev.ecolsys.110308.html:text/html;Snapshot:C\:\\Users\\JBRJ\\Zotero\\storage\\H3ALTIRQ\\annurev.ecolsys.110308.html:text/html;Snapshot:C\:\\Users\\JBRJ\\Zotero\\storage\\PHP7U4QB\\annurev.ecolsys.110308.html:text/html}
}

@incollection{correa2011ComputationalTechniquesBiologic,
	title = {Computational {Techniques} for {Biologic} {Species} {Distribution} {Modeling}},
	booktitle = {Computational {Methods} for {Agricultural} {Research}: {Advances} and {Applications}},
	publisher = {IGI Global},
	author = {Corrêa, Pedro and Carvalhaes, Mariana and Saraiva, Antonio and Rodrigues, Fabrício and Rodrigues, Elisângela and da Rocha, Ricardo Luis de Azevedo},
	year = {2011},
	pages = {308--325},
	file = {Snapshot:C\:\\Users\\JBRJ\\Zotero\\storage\\87E66WGF\\48492.html:text/html;Snapshot:C\:\\Users\\JBRJ\\Zotero\\storage\\ZQR2J3IN\\48492.html:text/html}
}

@article{paula2017FloristicEcologicalCharacterization,
	title = {Floristic and ecological characterization of habitat types on an inselberg in {Minas} {Gerais}, southeastern {Brazil}},
	volume = {31},
	issn = {1677-941X, 0102-3306},
	doi = {10.1590/0102-33062016abb0409},
	number = {2},
	urldate = {2019-07-27},
	journal = {Acta Botanica Brasilica},
	author = {Paula, Luiza F. A. de and Mota, Nara F. O. and Viana, Pedro L. and Stehmann, João R.},
	month = may,
	year = {2017},
	pages = {199--211},
	file = {Full Text:C\:\\Users\\JBRJ\\Zotero\\storage\\BST42T9X\\scielo.html:text/html;Full Text:C\:\\Users\\JBRJ\\Zotero\\storage\\MRMPCFP9\\scielo.html:text/html;Texto completo:C\:\\Users\\JBRJ\\Zotero\\storage\\WYKKXXPQ\\Paula et al. - 2017 - Floristic and ecological characterization of habit.pdf:application/pdf;Texto completo:C\:\\Users\\JBRJ\\Zotero\\storage\\TQQI7DB7\\Paula et al. - 2017 - Floristic and ecological characterization of habit.pdf:application/pdf;Texto completo:C\:\\Users\\JBRJ\\Zotero\\storage\\WXA88UJP\\Paula et al. - 2017 - Floristic and ecological characterization of habit.pdf:application/pdf}
}

@article{colwell2009HutchinsonDualityOnce,
	title = {Hutchinson's duality: {The} once and future niche},
	volume = {106},
	issn = {0027-8424},
	doi = {10.1073/pnas.0901650106},
	abstract = {The duality between “niche” and “biotope” proposed by G. Evelyn Hutchinson provides a powerful way to conceptualize and analyze biogeographical distributions in relation to spatial environmental patterns. Both Joseph Grinnell and Charles Elton had attributed niches to environments. Attributing niches, instead, to species, allowed Hutchinson's key innovation: the formal severing of physical place from environment that is expressed by the duality. In biogeography, the physical world (a spatial extension of what Hutchinson called the biotope) is conceived as a map, each point (or cell) of which is characterized by its geographical coordinates and the local values of environmental attributes at a given time. Exactly the same environmental attributes define the corresponding niche space, as niche axes, allowing reciprocal projections between the geographic distribution of a species, actual or potential, past or future, and its niche. In biogeographical terms, the realized niche has come to express not only the effects of species interactions (as Hutchinson intended), but also constraints of dispersal limitation and the lack of contemporary environments corresponding to parts of the fundamental niche. Hutchinson's duality has been used to classify and map environments; model potential species distributions under past, present, and future climates; study the distributions of invasive species; discover new species; and simulate increasingly more realistic worlds, leading to spatially explicit, stochastic models that encompass speciation, extinction, range expansion, and evolutionary adaptation to changing environments.},
	number = {Supplement\_2},
	journal = {Proceedings of the National Academy of Sciences},
	author = {Colwell, Robert K and Rangel, Thiago F},
	year = {2009},
	pmid = {19805163},
	pages = {19651--19658},
	file = {Attachment:C\:\\Users\\JBRJ\\Zotero\\storage\\I7Z6YCJN\\PNAS-2009-Colwell-19651-8.pdf:application/pdf;Snapshot:C\:\\Users\\JBRJ\\Zotero\\storage\\BRAYMMCI\\19651.html:text/html;Snapshot:C\:\\Users\\JBRJ\\Zotero\\storage\\3AA7Q4RP\\19651.html:text/html;Texto completo:C\:\\Users\\JBRJ\\Zotero\\storage\\SQ2BWUKU\\Colwell e Rangel - 2009 - Hutchinson's duality The once and future niche.pdf:application/pdf}
}

@article{absaber1967DominiosMorfoclimaticosProvincias,
	title = {Domínios morfoclimáticos e províncias fitogeográficas do {Brasil}},
	volume = {3},
	number = {1},
	journal = {Orientação},
	author = {Ab' Saber, Aziz Nacib},
	year = {1967},
	pages = {45--48}
}

@article{guisan2005PredictingSpeciesDistribution,
	title = {Predicting species distribution: offering more than simple habitat models},
	volume = {8},
	issn = {1461-023X, 1461-0248},
	shorttitle = {Predicting species distribution},
	doi = {10.1111/j.1461-0248.2005.00792.x},
	language = {en},
	number = {9},
	urldate = {2019-07-27},
	journal = {Ecology Letters},
	author = {Guisan, Antoine and Thuiller, Wilfried},
	year = {2005},
	keywords = {Species distribution models, Dispersal, Ecological niche theory, Future projections, Habitat suitability maps, Population dynamics, Prediction errors, Predictive biogeography, Spatial scales},
	pages = {993--1009},
	file = {Attachment:C\:\\Users\\JBRJ\\Zotero\\storage\\PV953CRK\\Guisan, Thuiller - 2005 - Predicting species distribution Offering more than simple habitat models.pdf:application/pdf;Texto completo:C\:\\Users\\JBRJ\\Zotero\\storage\\E5QL6W3E\\Guisan e Thuiller - 2005 - Predicting species distribution offering more tha.pdf:application/pdf;Texto completo:C\:\\Users\\JBRJ\\Zotero\\storage\\UQ7EPTLS\\Guisan e Thuiller - 2005 - Predicting species distribution offering more tha.pdf:application/pdf;Texto completo:C\:\\Users\\JBRJ\\Zotero\\storage\\N4ATUFGN\\Guisan e Thuiller - 2005 - Predicting species distribution offering more tha.pdf:application/pdf;Texto completo:C\:\\Users\\JBRJ\\Zotero\\storage\\FMWIDVUA\\Guisan e Thuiller - 2005 - Predicting species distribution offering more tha.pdf:application/pdf}
}

@article{hernandez2006EffectSampleSize,
	title = {The effect of sample size and species characteristics on performance of different species distribution modeling methods},
	volume = {29},
	issn = {09067590, 16000587},
	doi = {10.1111/j.0906-7590.2006.04700.x},
	language = {en},
	number = {5},
	urldate = {2019-07-27},
	journal = {Ecography},
	author = {Hernandez, Pilar A. and Graham, Catherine H. and Master, Lawrence L. and Albert, Deborah L.},
	year = {2006},
	keywords = {Modelagem, Sample size},
	pages = {773--785},
	file = {Attachment:C\:\\Users\\JBRJ\\Zotero\\storage\\KIFHPZ2F\\Hernandez et al. - 2006 - The effect of sample size and species characteristics on performance of different species distribution modelin.pdf:application/pdf;Attachment:C\:\\Users\\JBRJ\\Zotero\\storage\\6HZEAKSN\\Hernandez et al. - 2006 - The effect of sample size and species characteristics on performance of different species distribution modelin.pdf:application/pdf}
}

@article{barbara2007PopulationDifferentiationSpecies,
	title = {Population differentiation and species cohesion in two closely related plants adapted to neotropical high-altitude ?inselbergs?, {Alcantarea} imperialis and {Alcantarea} geniculata ({Bromeliaceae})},
	volume = {16},
	issn = {0962-1083, 1365-294X},
	shorttitle = {Population differentiation and species cohesion in two closely related plants adapted to neotropical high-altitude ?},
	doi = {10.1111/j.1365-294X.2007.03272.x},
	language = {en},
	number = {10},
	urldate = {2019-07-27},
	journal = {Molecular Ecology},
	author = {Barbará, T. and Martinelli, G. and Fay, M. F. and Mayo, S. J. and Lexer, C.},
	year = {2007},
	keywords = {Adaptive radiation, Bromeliad, Gene flow, Inselberg, Microsatellites, Species cohesion},
	pages = {1981--1992},
	file = {Snapshot:C\:\\Users\\JBRJ\\Zotero\\storage\\HQB8V7DG\\j.1365-294X.2007.03272.html:text/html;Snapshot:C\:\\Users\\JBRJ\\Zotero\\storage\\G6MPF6UF\\j.1365-294X.2007.03272.html:text/html}
}

@article{boisselier-dubayle2010GeneticStructureXerophilous,
	title = {Genetic structure of the xerophilous bromeliad \textit{{Pitcairnia} geyskesii} on inselbergs in {French} {Guiana} - a test of the forest refuge hypothesis},
	volume = {33},
	issn = {09067590, 16000587},
	doi = {10.1111/j.1600-0587.2009.05446.x},
	language = {en},
	number = {1},
	urldate = {2019-07-27},
	journal = {Ecography},
	author = {Boisselier-Dubayle, Marie-Catherine and Leblois, Raphaël and Samadi, Sarah and Lambourdière, Josie and Sarthou, Corinne},
	year = {2010},
	pages = {175--184},
	file = {Snapshot:C\:\\Users\\JBRJ\\Zotero\\storage\\AACU6W3X\\j.1600-0587.2009.05446.html:text/html;Snapshot:C\:\\Users\\JBRJ\\Zotero\\storage\\6LAYY7AI\\j.1600-0587.2009.05446.html:text/html}
}

@article{depaula2016SugarLoafLand,
	title = {\textit{{Sugar} {Loaf} {Land}} in south-eastern {Brazil}: a centre of diversity for mat-forming bromeliads on inselbergs},
	volume = {181},
	issn = {00244074},
	shorttitle = {\textit{{Sugar} {Loaf} {Land}} in south-eastern {Brazil}},
	doi = {10.1111/boj.12383},
	language = {en},
	number = {3},
	urldate = {2018-07-27},
	journal = {Botanical Journal of the Linnean Society},
	author = {De Paula, Luiza F. A. and Forzza, Rafaela C. and Neri, Andreza V. and Bueno, Marcelo L. and Porembski, Stefan},
	year = {2016},
	pages = {459--476},
	file = {Snapshot:C\:\\Users\\JBRJ\\Zotero\\storage\\P9ZKG59K\\2707800.html:text/html;Snapshot:C\:\\Users\\JBRJ\\Zotero\\storage\\73MSDPQB\\2707800.html:text/html;Texto completo:C\:\\Users\\JBRJ\\Zotero\\storage\\XV7WJ793\\de Paula et al. - 2016 - iSugar Loaf Landi in south-eastern Brazil a .pdf:application/pdf;Texto completo:C\:\\Users\\JBRJ\\Zotero\\storage\\TZMRDZ74\\de Paula et al. - 2016 - iSugar Loaf Landi in south-eastern Brazil a .pdf:application/pdf;Texto completo:C\:\\Users\\JBRJ\\Zotero\\storage\\EVMQNMT7\\de Paula et al. - 2016 - iSugar Loaf Landi in south-eastern Brazil a .pdf:application/pdf}
}

@article{allouche2006AssessingAccuracySpecies,
	title = {Assessing the accuracy of species distribution models: prevalence, kappa and the true skill statistic ({TSS}): {Assessing} the accuracy of distribution models},
	volume = {43},
	issn = {00218901, 13652664},
	shorttitle = {Assessing the accuracy of species distribution models},
	doi = {10.1111/j.1365-2664.2006.01214.x},
	language = {en},
	number = {6},
	urldate = {2019-07-27},
	journal = {Journal of Applied Ecology},
	author = {Allouche, Omri and Tsoar, Asaf and Kadmon, Ronen},
	year = {2006},
	pages = {1223--1232},
	file = {Full Text:C\:\\Users\\JBRJ\\Zotero\\storage\\VA3AE6IR\\j.1365-2664.2006.01214.html:text/html;Full Text:C\:\\Users\\JBRJ\\Zotero\\storage\\HAS9PHRX\\j.1365-2664.2006.01214.html:text/html;Full Text:C\:\\Users\\JBRJ\\Zotero\\storage\\XIQYC6RK\\j.1365-2664.2006.01214.html:text/html;Full Text:C\:\\Users\\JBRJ\\Zotero\\storage\\CFP2LLIY\\j.1365-2664.2006.01214.html:text/html;Snapshot:C\:\\Users\\JBRJ\\Zotero\\storage\\DII44TYV\\j.1365-2664.2006.01214.html:text/html;Snapshot:C\:\\Users\\JBRJ\\Zotero\\storage\\VIXEPWZJ\\j.1365-2664.2006.01214.html:text/html;Snapshot:C\:\\Users\\JBRJ\\Zotero\\storage\\TD2U9FL6\\j.1365-2664.2006.01214.html:text/html;Snapshot:C\:\\Users\\JBRJ\\Zotero\\storage\\LL5EUCE5\\j.1365-2664.2006.01214.html:text/html;Texto completo:C\:\\Users\\JBRJ\\Zotero\\storage\\RFQFBLRW\\Allouche et al. - 2006 - Assessing the accuracy of species distribution mod.pdf:application/pdf}
}

@article{sampaio2004DirectionalGrowthClonal,
	title = {Directional growth of a clonal bromeliad species in response to spatial habitat heterogeneity},
	volume = {18},
	issn = {0269-7653, 1573-8477},
	doi = {10.1007/s10682-004-5138-4},
	language = {en},
	number = {5-6},
	urldate = {2019-07-26},
	journal = {Evolutionary Ecology},
	author = {Sampaio, Michelle C. and Araújo, Tatiana F. and Scarano, Fabio R. and Stuefer, Josef F.},
	year = {2004},
	pages = {429--442}
}

@incollection{varajao2015PancasKingdomBornhardts,
	address = {Dordrecht},
	series = {World {Geomorphological} {Landscapes}},
	title = {Pancas: {The} {Kingdom} of {Bornhardts}},
	isbn = {978-94-017-8023-0},
	shorttitle = {Pancas},
	abstract = {Underlain by Neoproterzoic granitic rocks, the region around the town of Pancas, located in the Espirito Santo State, eastern Brazil, comprises a spectacular landscape dominated by bornhardts of various shapes. Sugarloafs, turtlebacks, domes and pinnacles separated by long and rectilinear valleys occupy an area of ca. 17,400 ha, which was declared natural monument by the Brazilian government in 2008. The development of the bornhardt province seems to involve the following stages: (i) nucleation of a system of vertical and widely spaced joints in the granitic bedrock at sometime in the Late Neoproterozoic, (ii) intensive weathering along the joints probably during the Eocene and (iii) uplift and subsequent erosion between the Late Miocene and the Pliocene, thereby leading to the exhumation of the bornhardts.},
	language = {en},
	urldate = {2019-07-26},
	booktitle = {Landscapes and {Landforms} of {Brazil}},
	publisher = {Springer Netherlands},
	author = {Varajão, César Augusto Chicarino and Alkmim, Fernando Flecha},
	editor = {Vieira, Bianca Carvalho and Salgado, André Augusto Rodrigues and Santos, Leonardo José Cordeiro},
	year = {2015},
	doi = {10.1007/978-94-017-8023-0-35},
	keywords = {Brazil, Bornhardt, Espirito santo state, Pancas, Pontões capixabas},
	pages = {381--388}
}

@article{parmentier2009ImpactEcologicalDifferentiation,
	title = {The impact of ecological differentiation and dispersal limitation on species turnover and phylogenetic structure of inselberg's plant communities},
	volume = {32},
	issn = {09067590, 16000587},
	doi = {10.1111/j.1600-0587.2008.05697.x},
	language = {en},
	number = {4},
	urldate = {2019-07-26},
	journal = {Ecography},
	author = {Parmentier, Ingrid and Hardy, Olivier J.},
	year = {2009},
	pages = {613--622}
}

@article{zappi2015GrowingKnowledgeOverview,
	title = {Growing knowledge: an overview of seed plant diversity in {Brazil}},
	volume = {66},
	shorttitle = {Growing knowledge},
	number = {4},
	journal = {Rodriguésia},
	author = {Zappi, Daniela C. and Filardi, Fabiana L. Ranzato and Leitman, Paula and Souza, Vinícius C. and Walter, Bruno MT and Pirani, José R. and Morim, Marli P. and Queiroz, Luciano P. and Cavalcanti, Taciana B. and Mansano, Vidal F.},
	year = {2015},
	pages = {1085--1113},
	file = {Full Text:C\:\\Users\\JBRJ\\Zotero\\storage\\Q5W8SD2S\\scielo.html:text/html;Full Text:C\:\\Users\\JBRJ\\Zotero\\storage\\IG6NXFML\\scielo.html:text/html}
}

@article{soberon2009NichesDistributionalAreas,
	title = {Niches and distributional areas: {Concepts}, methods, and assumptions},
	volume = {106},
	issn = {0027-8424, 1091-6490},
	shorttitle = {Niches and distributional areas},
	doi = {10.1073/pnas.0901637106},
	language = {en},
	number = {Supplement\_2},
	urldate = {2019-07-26},
	journal = {Proceedings of the National Academy of Sciences},
	author = {Soberon, J. and Nakamura, M.},
	year = {2009},
	pages = {19644--19650},
	file = {Texto completo:C\:\\Users\\JBRJ\\Zotero\\storage\\ZE8B59RK\\Soberon e Nakamura - 2009 - Niches and distributional areas Concepts, methods.pdf:application/pdf;Texto completo:C\:\\Users\\JBRJ\\Zotero\\storage\\743BFKQ2\\Soberon e Nakamura - 2009 - Niches and distributional areas Concepts, methods.pdf:application/pdf}
}

@article{sarthou2017InselbergInselbergFloristic,
	title = {From inselberg to inselberg: {Floristic} patterns across scales in {French} {Guiana} ({South} {America})},
	volume = {229},
	issn = {03672530},
	shorttitle = {From inselberg to inselberg},
	doi = {10.1016/j.flora.2017.02.025},
	language = {en},
	urldate = {2019-07-26},
	journal = {Flora},
	author = {Sarthou, Corinne and Pavoine, Sandrine and Gasc, Jean-Pierre and de Massary, Jean-Christophe and Ponge, Jean-François},
	year = {2017},
	pages = {147--158},
	file = {Versão submetida:C\:\\Users\\JBRJ\\Zotero\\storage\\WG4DGXNI\\Sarthou et al. - 2017 - From inselberg to inselberg Floristic patterns ac.pdf:application/pdf;Versão submetida:C\:\\Users\\JBRJ\\Zotero\\storage\\C8IRB93C\\Sarthou et al. - 2017 - From inselberg to inselberg Floristic patterns ac.pdf:application/pdf}
}

@article{peterson2002FutureProjectionsMexican,
	title = {Future projections for {Mexican} faunas under global climate change scenarios},
	volume = {416},
	issn = {0028-0836, 1476-4687},
	doi = {10.1038/416626a},
	language = {en},
	number = {6881},
	urldate = {2019-07-26},
	journal = {Nature},
	author = {Peterson, A. Townsend and Ortega-Huerta, Miguel A. and Bartley, Jeremy and Sánchez-Cordero, Victor and Soberón, Jorge and Buddemeier, Robert H. and Stockwell, David R. B.},
	year = {2002},
	pages = {626--629}
}

@incollection{safford2000SoutheastBrazil,
	address = {Berlin, Heidelberg},
	title = {Southeast {Brazil}},
	volume = {146},
	isbn = {978-3-642-64120-6 978-3-642-59773-2},
	urldate = {2019-07-26},
	booktitle = {Inselbergs},
	publisher = {Springer Berlin Heidelberg},
	author = {Safford, H. D. and Martinelli, G.},
	editor = {Caldwell, M. M. and Heldmaier, G. and Lange, O. L. and Mooney, H. A. and Schulze, E.-D. and Sommer, U. and Porembski, Stefan and Barthlott, Wilhelm},
	year = {2000},
	doi = {10.1007/978-3-642-59773-2-17},
	pages = {339--389}
}

@article{pearson2006ORIGINALARTICLEPredicting,
	title = {{ORIGINAL} {ARTICLE}: {Predicting} species distributions from small numbers of occurrence records: a test case using cryptic geckos in {Madagascar}},
	volume = {34},
	issn = {03050270},
	doi = {10.1111/j.1365-2699.2006.01594.x},
	abstract = {Aim Techniques that predict species potential distributions by combining observed occurrence records with environmental variables show much potential for application across a range of biogeographical analyses. Some of the most promising applications relate to species for which occurrence records are scarce, due to cryptic habits, locally restricted distributions or low sampling effort. However, the minimum sample sizes required to yield useful predictions remain difficult to determine. Here we developed and tested a novel jackknife validation approach to assess the ability to predict species occurrence when fewer than 25 occurrence records are available. Location Madagascar. Methods Models were developed and evaluated for 13 species of secretive leaf-tailed geckos (Uroplatus spp.) that are endemic to Madagascar, for which available sample sizes range from 4 to 23 occurrence localities (at 1 km(2) grid resolution). Predictions were based on 20 environmental data layers and were generated using two modelling approaches: a method based on the principle of maximum entropy (Maxent) and a genetic algorithm (GARP). Results We found high success rates and statistical significance in jackknife tests with sample sizes as low as five when the Maxent model was applied. Results for GARP at very low sample sizes (less than c. 10) were less good. When sample sizes were experimentally reduced for those species with the most records, variability among predictions using different combinations of localities demonstrated that models were greatly influenced by exactly which observations were included. Main conclusions We emphasize that models developed using this approach with small sample sizes should be interpreted as identifying regions that have similar environmental conditions to where the species is known to occur, and not as predicting actual limits to the range of a species. The jackknife validation approach proposed here enables assessment of the predictive ability of models built using very small sample sizes, although use of this test with larger sample sizes may lead to overoptimistic estimates of predictive power. Our analyses demonstrate that geographical predictions developed from small numbers of occurrence records may be of great value, for example in targeting field surveys to accelerate the discovery of unknown populations and species.},
	number = {1},
	journal = {Journal of Biogeography},
	author = {Pearson, Richard G. and Raxworthy, Christopher J. and Nakamura, Miguel and Townsend Peterson, A.},
	year = {2006},
	pmid = {2074},
	keywords = {Madagascar, Environmental niche modelling, Species distribution modelling, Geckos, Jackknife, Model validation, Small sample size},
	pages = {102--117}
}

@article{oliveira-filho2000PatternsFloristicDifferentiation,
	title = {Patterns of {Floristic} {Differentiation} among {Atlantic} {Forests} in {Southeastern} {Brazil} and the {Influence} of {Climate}1},
	volume = {32},
	issn = {0006-3606, 1744-7429},
	doi = {10.1111/j.1744-7429.2000.tb00619.x},
	language = {en},
	number = {4b},
	urldate = {2019-07-26},
	journal = {Biotropica},
	author = {Oliveira-Filho, Ary T. and Fontes, Marco Aurelio L.},
	year = {2000},
	keywords = {Brazil, multivariate analysis, climate, phytogeography, tree flora, Atlantic forests, tropical rain forests, tropical seasonal forests.},
	pages = {793--810},
	file = {Attachment:C\:\\Users\\JBRJ\\Zotero\\storage\\AE4LCCWA\\Oliveira‐Filho, Fontes - 2000 - Patterns of Floristic Differentiation among Atlantic Forests in Southeastern Brazil and the Influence of.pdf:application/pdf}
}

@article{franceschinelli2006GeneticDiversityTwo,
	title = {The genetic diversity of two {Brazilian} {Vellozia} ({Velloziaceae}) with different patterns of spatial distribution and pollination biology},
	volume = {97},
	number = {4},
	journal = {Annals of Botany},
	author = {Franceschinelli, Edivani Villaron and Jacobi, Claudia M. and Drummond, Marcela Goncalves and Resende, Marcelo F. Silveira},
	year = {2006},
	pages = {585--592},
	file = {Full Text:C\:\\Users\\JBRJ\\Zotero\\storage\\I4TU4CTT\\186514.html:text/html;Full Text:C\:\\Users\\JBRJ\\Zotero\\storage\\49XBGHPT\\186514.html:text/html;Snapshot:C\:\\Users\\JBRJ\\Zotero\\storage\\5CVQRQY4\\186514.html:text/html;Snapshot:C\:\\Users\\JBRJ\\Zotero\\storage\\CJCSNI4M\\186514.html:text/html}
}

@article{meninineto2013TaxonomicRevisionPseudolaelia,
	title = {Taxonomic revision of {Pseudolaelia} {Porto} \& {Brade} ({Laeliinae}, {Orchidaceae})},
	volume = {27},
	issn = {0102-3306},
	doi = {10.1590/S0102-33062013000200015},
	number = {2},
	urldate = {2019-07-26},
	journal = {Acta Botanica Brasilica},
	author = {Menini Neto, Luiz and Forzza, Rafaela Campostrini and van den Berg, Cassio},
	year = {2013},
	pages = {418--435},
	file = {Texto completo:C\:\\Users\\JBRJ\\Zotero\\storage\\QNFLKEVQ\\Menini Neto et al. - 2013 - Taxonomic revision of Pseudolaelia Porto & Brade (.pdf:application/pdf;Texto completo:C\:\\Users\\JBRJ\\Zotero\\storage\\DGPIJGEN\\Menini Neto et al. - 2013 - Taxonomic revision of Pseudolaelia Porto & Brade (.pdf:application/pdf}
}

@article{mello-silva2011FiveVicariousGenera,
	title = {Five vicarious genera from {Gondwana}: the {Velloziaceae} as shown by molecules and morphology},
	volume = {108},
	issn = {1095-8290, 0305-7364},
	shorttitle = {Five vicarious genera from {Gondwana}},
	doi = {10.1093/aob/mcr107},
	language = {en},
	number = {1},
	urldate = {2019-07-26},
	journal = {Annals of Botany},
	author = {Mello-Silva, Renato and Santos, Déborah Yara A. C. and Salatino, Maria Luiza F. and Motta, Lucimar B. and Cattai, Marina B. and Sasaki, Denise and Lovo, Juliana and Pita, Patrícia B. and Rocini, Cintia and Rodrigues, Cristiane D. N. and Zarrei, Mehdi and Chase, Mark W.},
	year = {2011},
	pages = {87--102},
	file = {Texto completo:C\:\\Users\\JBRJ\\Zotero\\storage\\98BHAMSV\\Mello-Silva et al. - 2011 - Five vicarious genera from Gondwana the Velloziac.pdf:application/pdf;Texto completo:C\:\\Users\\JBRJ\\Zotero\\storage\\9A6NM8PP\\Mello-Silva et al. - 2011 - Five vicarious genera from Gondwana the Velloziac.pdf:application/pdf}
}

@article{meirelles1999VegetationGraniteRock,
	title = {The vegetation of granite rock outcrops in {Rio} de {Janeiro}, {Brazil}, and the need for its protection},
	volume = {26},
	issn = {0376-8929, 1469-4387},
	doi = {10.1017/S0376892999000041},
	abstract = {Rock outcrop communities usually receive very little attention from scientists and environmentalists. We examined the vegetation occurring in eight gneiss-granite rock outcrops at Rio de Janeiro State (Brazilian Atlantic coast) which exists in natural associations on soil islands. A total of 86 vascular plant species, belonging to 30 families, was found on 347 soil islands. Bromeliaceae, Asteraceae and Velloziaceae species were the most frequent plants, many of them endemic to these habitats. Ordination and cluster analyses using species frequency on each site made evident some major distinctions related to local influences, most probably the proximity to the sea. Each outcrop presented high values of the Shannon-Wiener index of species diversity. Species richness was very dependent on the total area, and high beta diversity was observed amongst sites. Similarities with the South American and African rock-outcrop communities were found. Despite their uniqueness as habitats, their possession of several endemic species and the fragility of the ecosystem involved, Brazilian rock outcrops are not protected by specific environmental legislation and we propose urgent actions for their protection.},
	language = {en},
	number = {1},
	urldate = {2019-07-26},
	journal = {Environmental Conservation},
	author = {Meirelles, Sergio Tadeu and Pivello, Vânia Regina and Joly, Carlos Alfredo},
	year = {1999},
	pages = {10--20}
}

@article{meninineto2011LectotypificationsPseudolaeliaLaeliinae,
	title = {Lectotypifications in {Pseudolaelia} ({Laeliinae}: {Orchidaceae})},
	volume = {66},
	issn = {1874-933X},
	shorttitle = {Lectotypifications in {Pseudolaelia} ({Laeliinae}},
	doi = {10.1007/s12225-011-9268-x},
	abstract = {SummaryLectoypifications of four species of Pseudolaelia Porto \& Brade are presented as a result of an ongoing taxonomic revision of the genus.},
	language = {en},
	number = {1},
	urldate = {2019-07-26},
	journal = {Kew Bulletin},
	author = {Menini Neto, Luiz and Forzza, Rafaela Campostrini and van den Berg, Cassio},
	year = {2011},
	keywords = {taxonomy, Lectotypification, nomenclature, Orchids, Pseudolaelia canaanensis, Pseudolaelia dutrae, Pseudolaelia geraensis, Pseudolaelia vellozicola},
	pages = {159--161}
}

@article{meninineto2012BiogeographyConservationStatus,
	title = {Biogeography and conservation status assessment of \textit{{Pseudolaelia}} ({Orchidaceae}): {Biogeography} of \textit{{Pseudolaelia}}},
	volume = {171},
	issn = {00244074},
	shorttitle = {Biogeography and conservation status assessment of \textit{{Pseudolaelia}} ({Orchidaceae})},
	doi = {10.1111/j.1095-8339.2012.01304.x},
	language = {en},
	number = {1},
	urldate = {2019-07-26},
	journal = {Botanical Journal of the Linnean Society},
	author = {Menini Neto, Luiz and Forzza, Rafaela Campostrini},
	year = {2012},
	pages = {191--200},
	file = {Texto completo:C\:\\Users\\JBRJ\\Zotero\\storage\\LBBECMKA\\Neto e Forzza - 2013 - Biogeography and conservation status assessment of.pdf:application/pdf;Texto completo:C\:\\Users\\JBRJ\\Zotero\\storage\\IWPLKK3D\\Neto e Forzza - 2013 - Biogeography and conservation status assessment of.pdf:application/pdf;Texto completo:C\:\\Users\\JBRJ\\Zotero\\storage\\C2DN2V3P\\Neto e Forzza - 2013 - Biogeography and conservation status assessment of.pdf:application/pdf}
}

@book{martinelli2013LivroVermelhoFlora,
	address = {Rio de Janeiro},
	title = {Livro vermelho da flora do {Brasil}},
	isbn = {978-85-88742-58-1},
	language = {pt},
	publisher = {CNCFlora, Centro Nacional de Conservação da Flora : Jardim Botânico do Rio de Janeiro : Andrea Jakobsson Estúdio},
	author = {Martinelli, Gustavo and Moraes, Miguel Avila},
	year = {2013},
	note = {OCLC: 929803294},
	annote = {OCLC: 929803294},
	file = {Martinelli et al. - 2013 - Livro vermelho da flora do Brasil.pdf:C\:\\Users\\JBRJ\\Zotero\\storage\\NZGFRB9D\\Martinelli et al. - 2013 - Livro vermelho da flora do Brasil.pdf:application/pdf;Martinelli et al. - 2013 - Livro vermelho da flora do Brasil.pdf:C\:\\Users\\JBRJ\\Zotero\\storage\\UZBQHT5Z\\Martinelli et al. - 2013 - Livro vermelho da flora do Brasil.pdf:application/pdf}
}

@book{mma-ministeriodomeioambiente2006AtlanticoSudesteCaderno,
	title = {Atlântico sudeste caderno da região hidrográfica},
	isbn = {85-7738-060-2},
	abstract = {O primeiro nome do desenvolvimento sustentável é necessidade: é necessário manter o ambiente natural saudável e seus aspectos ecológicos. Essa " ação necessária " é condição reclamada pelas transformações a que tem sido submetido o mundo como um todo. A perturbação climática ingressa no processo real (" natural ") e o perfaz mediante eventos drásticos que atestam a necessidade da preservação da vida, tornada exigência planetária; afinal, se é verdade que a natureza é obra divina, não é menos verdade que sua preservação é obra humana. Significa dizer que cuidar e proteger a natureza é tarefa exclusivamente nossa. Nesse sentido, a Lei n.º 9.433/1997 passou a reconhecer, de modo expresso, que " a água é um recurso natural limitado, dotado de valor econômico " . Ao lado dessa premissa maior definitivamente incorporada à atual gestão das águas brasileiras, a Lei de Águas declara também que a água é um bem de domínio público, e que a sua gestão deve ser descentralizada e contar com a participação do poder público, dos usuários e das comunidades, de modo a sempre proporcionar o uso múltiplo, racional e integrado, assegurando-se, pois, às presentes e futuras gerações sua necessária disponibilidade em padrões de qualidade adequados aos respectivos usos, com vistas ao desenvolvimento sustentável. Os clamores da lei são inequívocos ao buscar condutas racionais e procedimentos tecnológicos compatíveis com a necessidade de harmonizar as atividades humanas e a preservação do ambiente natural indispensável ao desenvolvimento dessas mesmas atividades socioeconômicas. A noção prática dessa necessidade não pode ter existência senão a partir de concepções novas e inovadoras das condições de sustentabilidade e da gestão dos recursos hídricos que se vêm construindo no País. O primeiro aspecto a se verificar, no entanto, é que isoladamente as leis e os planos nem sempre podem tudo. Ou seja: nenhum plano ou lei jamais encontrará sua efetividade senão após sua aceitação plena e, para tanto, é necessário envolvimento e participação social desde sua construção até sua implementação.},
	publisher = {MMA Brasília},
	author = {{MMA - Ministério do Meio Ambiente}},
	year = {2006}
}

@article{jimenez-valverde2007ThresholdCriteriaConversion,
	title = {Threshold criteria for conversion of probability of species presence to either–or presence–absence},
	volume = {31},
	issn = {1146609X},
	doi = {10.1016/j.actao.2007.02.001},
	language = {en},
	number = {3},
	urldate = {2019-07-27},
	journal = {Acta Oecologica},
	author = {Jiménez-Valverde, Alberto and Lobo, Jorge M.},
	year = {2007},
	pages = {361--369},
	file = {Attachment:C\:\\Users\\JBRJ\\Zotero\\storage\\5J2XAXKP\\Lobo, Jime - 2007 - Original article Threshold criteria for conversion of probability of species presence to either – or presence – abse.pdf:application/pdf}
}

@article{hmeljevski2015PatternsGeneFlow,
	title = {Patterns of {Gene} {Flow} in {Encholirium} horridum {L}.{B}.{Sm}., a {Monocarpic} {Species} of {Bromeliaceae} {From} {Brazil}},
	volume = {106},
	issn = {0022-1503},
	doi = {10.1093/jhered/esu067},
	abstract = {Encholirium horridum is a bromeliad that occurs exclusively on inselbergs in the Atlantic Forest biome of Brazil. These rock outcrops form natural islands that},
	language = {en},
	number = {1},
	urldate = {2019-07-26},
	journal = {Journal of Heredity},
	author = {Hmeljevski, Karina Vanessa and dos Reis, Maurício Sedrez and Forzza, Rafaela Campostrini},
	year = {2015},
	pages = {93--101},
	file = {Full Text PDF:C\:\\Users\\JBRJ\\Zotero\\storage\\YW966AUK\\Hmeljevski et al. - 2015 - Patterns of Gene Flow in Encholirium horridum L.B..pdf:application/pdf;Full Text PDF:C\:\\Users\\JBRJ\\Zotero\\storage\\FRB8ZUGW\\Hmeljevski et al. - 2015 - Patterns of Gene Flow in Encholirium horridum L.B..pdf:application/pdf;Snapshot:C\:\\Users\\JBRJ\\Zotero\\storage\\PW45XTBE\\2961873.html:text/html;Snapshot:C\:\\Users\\JBRJ\\Zotero\\storage\\ERZ95FTA\\2961873.html:text/html}
}

@article{thuiller2009BIOMODPlatformEnsemble,
	title = {{BIOMOD} - a platform for ensemble forecasting of species distributions},
	volume = {32},
	issn = {09067590, 16000587},
	doi = {10.1111/j.1600-0587.2008.05742.x},
	language = {en},
	number = {3},
	urldate = {2019-07-26},
	journal = {Ecography},
	author = {Thuiller, Wilfried and Lafourcade, Bruno and Engler, Robin and Araújo, Miguel B.},
	year = {2009},
	pages = {369--373},
	file = {Texto completo:C\:\\Users\\JBRJ\\Zotero\\storage\\UHBWN9T5\\Thuiller et al. - 2009 - BIOMOD - a platform for ensemble forecasting of sp.pdf:application/pdf;Texto completo:C\:\\Users\\JBRJ\\Zotero\\storage\\LANBVWEY\\Thuiller et al. - 2009 - BIOMOD - a platform for ensemble forecasting of sp.pdf:application/pdf}
}

@article{simonelli2007EspeciesFloraAmeacadas,
	title = {Espécies da flora ameaçadas de extinção no estado do {Espírito} {Santo}},
	journal = {Ipema, Vitória. 146p},
	author = {Simonelli, M and Fraga, CN},
	year = {2007}
}

@article{hmeljevski2017PlantPopulationsDistinct,
	title = {Do plant populations on distinct inselbergs talk to each other? {A} case study of genetic connectivity of a bromeliad species in an {Ocbil} landscape},
	volume = {7},
	issn = {20457758},
	shorttitle = {Do plant populations on distinct inselbergs talk to each other?},
	doi = {10.1002/ece3.3038},
	language = {en},
	number = {13},
	urldate = {2019-07-31},
	journal = {Ecology and Evolution},
	author = {Hmeljevski, Karina Vanessa and Nazareno, Alison Gonçalves and Leandro Bueno, Marcelo and dos Reis, Maurício Sedrez and Forzza, Rafaela Campostrini},
	year = {2017},
	pages = {4704--4716},
	file = {Texto completo:C\:\\Users\\JBRJ\\Zotero\\storage\\35G92L7I\\Hmeljevski et al. - 2017 - Do plant populations on distinct inselbergs talk t.pdf:application/pdf}
}

@book{zappi2011PlanoAcaoNacional,
	address = {Brasília},
	title = {Plano de ação nacional para conservação das cactáceas},
	isbn = {978-85-61842-00-0},
	publisher = {Instituto Chico Mendes de Conservação da Biodiversidade, Icmbio},
	author = {Zappi, D. and Taylor, N. and Ribeiro-Silva, S. and Machado, M. and Moraes, EM de and Calvente, A. and Cruz, B. and Correia, D. and Larocca, J. and Assis, J. G. A.},
	year = {2011},
	file = {livro_cactaceas_web.pdf:C\:\\Users\\JBRJ\\Zotero\\storage\\ZIBN5CLJ\\livro_cactaceas_web.pdf:application/pdf}
}

@incollection{porembski2000IslandsIslandsHabitatsa,
	address = {Berlin, Heidelberg},
	title = {Islands on {Islands}: {Habitats} on {Inselbergs}},
	volume = {146},
	isbn = {978-3-642-64120-6 978-3-642-59773-2},
	shorttitle = {Islands on {Islands}},
	urldate = {2019-08-01},
	booktitle = {Inselbergs},
	publisher = {Springer Berlin Heidelberg},
	author = {Porembski, S. and Becker, U. and Seine, R.},
	editor = {Caldwell, M. M. and Heldmaier, G. and Lange, O. L. and Mooney, H. A. and Schulze, E.-D. and Sommer, U. and Porembski, Stefan and Barthlott, Wilhelm},
	year = {2000},
	doi = {10.1007/978-3-642-59773-2},
	note = {4},
	pages = {49--67}
}

@book{luttge2007PhysiologicalEcologyTropical,
	title = {Physiological ecology of tropical plants},
	publisher = {Springer Science \& Business Media},
	author = {Lüttge, Ulrich},
	year = {2007},
	file = {Snapshot:C\:\\Users\\JBRJ\\Zotero\\storage\\PFX933A6\\books.html:text/html}
}

@book{martinelli1989CamposAltitude,
	title = {Campos de altitude},
	publisher = {Editora Index},
	author = {Martinelli, Gustavo},
	year = {1989}
}

@article{porembski2000GraniticGneissicOutcrops,
	title = {Granitic and gneissic outcrops (inselbergs) as centers of diversity for desiccation-tolerant vascular plants},
	volume = {151},
	issn = {1573-5052},
	doi = {10.1023/A:1026565817218},
	abstract = {Although desiccation tolerance is common in non-vascular plants, this adaptive trait is very rare in vascular plants. Desiccation-tolerant vascular plants occur particularly on rock outcrops in the tropics and to a lesser extent in temperate zones. They are found from sea level up to 2800 m. The diversity of desiccation-tolerant species as measured by number of species is highest in East Africa, Madagascar and Brazil, where granitic and gneissic outcrops, or inselbergs, are their main habitat. Inselbergs frequently occur as isolated monoliths characterized by extreme environmental conditions (i.e., edaphic dryness, high degrees of insolation). On tropical inselbergs, desiccation-tolerant monocotyledons (i.e., Cyperaceae and Velloziaceae) dominate in mat-like communities which cover even steep slopes. Mat-forming desiccation-tolerant species may attain considerable age (hundreds of years) and size (several m in height, for pseudostemmed species). Both homoiochlorophyllous and poikilochlorophyllous species occur. In their natural habitats, both groups survive dry periods of several months and regain their photosynthetic activity within a few days after rainfall. Other desiccation-tolerant species colonize shallow depressions, crevices and even temporarily water-filled rock pools on inselbergs. Desiccation-tolerant vascular plants occur in 13 families and are best represented within the monocotyledons and ferns. Only a few desiccation-tolerant dicots exist, in the Gesneriaceae, Myrothamnaceae and Scrophulariaceae. In total, about 330 species of vascular desiccation-tolerant plants are known, of which nearly 90\% occur on inselbergs. With regard to morphological adaptations, the mat-forming monocotyledons are particularly remarkable due to the possession of roots with a velamen radicum, which is reported here in the genus Borya for the first time.},
	language = {en},
	number = {1},
	urldate = {2019-08-01},
	journal = {Plant Ecology},
	author = {Porembski, Stefan and Barthlott, Wilhelm},
	year = {2000},
	keywords = {Afrotrilepis, Borya, Desiccation tolerance, Granitic outcrops, Myrothamnus, Poikilohydry, Resurrection plants, Velloziaceae, Water stress},
	pages = {19--28},
	file = {Springer Full Text PDF:C\:\\Users\\JBRJ\\Zotero\\storage\\JDBEUYZN\\Porembski e Barthlott - 2000 - Granitic and gneissic outcrops (inselbergs) as cen.pdf:application/pdf}
}

@book{rcoreteam2018LanguageEnvironmentStatistical,
	address = {Vienna, Austria},
	title = {R: {A} {Language} and {Environment} for {Statistical} {Computing}},
	publisher = {R Foundation for Statistical Computing},
	author = {{R Core Team}},
	year = {2018}
}

@article{safford1999BrazilianParamosIntroduction,
	title = {Brazilian {Paramos} {I}. {An} introduction to the physical environment and vegetation of the campos de altitude},
	volume = {26},
	issn = {0305-0270, 1365-2699},
	doi = {10.1046/j.1365-2699.1999.00313.x},
	language = {en},
	number = {4},
	urldate = {2019-08-01},
	journal = {Journal of Biogeography},
	author = {Safford, H. D.},
	year = {1999},
	pages = {693--712}
}

@article{thiers2015IndexHerbariorumGlobal,
	title = {Index {Herbariorum}: {A} global directory of public herbaria and associated staff.},
	author = {Thiers, B},
	year = {2015},
	note = {Published at http://sweetgum. nybg. org/science/ih/[last accessed Oct 2018]}
}

@article{warren2008ENVIRONMENTALNICHEEQUIVALENCY,
	title = {{ENVIRONMENTAL} {NICHE} {EQUIVALENCY} {VERSUS} {CONSERVATISM}: {QUANTITATIVE} {APPROACHES} {TO} {NICHE} {EVOLUTION}},
	volume = {62},
	issn = {00143820, 15585646},
	shorttitle = {{ENVIRONMENTAL} {NICHE} {EQUIVALENCY} {VERSUS} {CONSERVATISM}},
	doi = {10.1111/j.1558-5646.2008.00482.x},
	language = {en},
	number = {11},
	urldate = {2019-08-07},
	journal = {Evolution},
	author = {Warren, Dan L. and Glor, Richard E. and Turelli, Michael},
	year = {2008},
	pages = {2868--2883}
}